@article{coalprices, title={Coal Futures Historical Prices}, url={https://www.investing.com/commodities/coal-cme-futures-historical-data}, journal={investing.com}, publisher={Investing}}

@article{gasprices, title={Gas Futures Historical Prices}, url={https://www.investing.com/commodities/coal-cme-futures-historical-data}, journal={investing.com}, publisher={Investing}}